%YAML 1.1
%TAG !u! tag:unity3d.com,2011:
--- !u!1 &4848492671270426022
GameObject:
  m_ObjectHideFlags: 0
  m_CorrespondingSourceObject: {fileID: 0}
  m_PrefabInstance: {fileID: 0}
  m_PrefabAsset: {fileID: 0}
  serializedVersion: 6
  m_Component:
  - component: {fileID: 4848492671270426023}
  - component: {fileID: 4848492671270426016}
  m_Layer: 0
  m_Name: Point Light
  m_TagString: Untagged
  m_Icon: {fileID: 0}
  m_NavMeshLayer: 0
  m_StaticEditorFlags: 0
  m_IsActive: 1
--- !u!4 &4848492671270426023
Transform:
  m_ObjectHideFlags: 0
  m_CorrespondingSourceObject: {fileID: 0}
  m_PrefabInstance: {fileID: 0}
  m_PrefabAsset: {fileID: 0}
  m_GameObject: {fileID: 4848492671270426022}
  m_LocalRotation: {x: 0, y: 0, z: 0, w: 1}
  m_LocalPosition: {x: 0, y: 0, z: 0}
  m_LocalScale: {x: 1, y: 1, z: 1}
  m_Children: []
  m_Father: {fileID: 385130492392283024}
  m_RootOrder: 0
  m_LocalEulerAnglesHint: {x: 0, y: 0, z: 0}
--- !u!108 &4848492671270426016
Light:
  m_ObjectHideFlags: 0
  m_CorrespondingSourceObject: {fileID: 0}
  m_PrefabInstance: {fileID: 0}
  m_PrefabAsset: {fileID: 0}
  m_GameObject: {fileID: 4848492671270426022}
  m_Enabled: 1
  serializedVersion: 10
  m_Type: 2
  m_Shape: 0
  m_Color: {r: 1, g: 1, b: 1, a: 1}
  m_Intensity: 1
  m_Range: 10
  m_SpotAngle: 30
  m_InnerSpotAngle: 21.80208
  m_CookieSize: 10
  m_Shadows:
    m_Type: 0
    m_Resolution: -1
    m_CustomResolution: -1
    m_Strength: 1
    m_Bias: 0.05
    m_NormalBias: 0.4
    m_NearPlane: 0.2
    m_CullingMatrixOverride:
      e00: 1
      e01: 0
      e02: 0
      e03: 0
      e10: 0
      e11: 1
      e12: 0
      e13: 0
      e20: 0
      e21: 0
      e22: 1
      e23: 0
      e30: 0
      e31: 0
      e32: 0
      e33: 1
    m_UseCullingMatrixOverride: 0
  m_Cookie: {fileID: 0}
  m_DrawHalo: 0
  m_Flare: {fileID: 0}
  m_RenderMode: 0
  m_CullingMask:
    serializedVersion: 2
    m_Bits: 4294967295
  m_RenderingLayerMask: 1
  m_Lightmapping: 4
  m_LightShadowCasterMode: 0
  m_AreaSize: {x: 1, y: 1}
  m_BounceIntensity: 1
  m_ColorTemperature: 6570
  m_UseColorTemperature: 0
  m_BoundingSphereOverride: {x: 0, y: 0, z: 0, w: 0}
  m_UseBoundingSphereOverride: 0
  m_ShadowRadius: 0
  m_ShadowAngle: 0
--- !u!1 &7873951932838621136
GameObject:
  m_ObjectHideFlags: 0
  m_CorrespondingSourceObject: {fileID: 0}
  m_PrefabInstance: {fileID: 0}
  m_PrefabAsset: {fileID: 0}
  serializedVersion: 6
  m_Component:
  - component: {fileID: 8932649947981693830}
  m_Layer: 0
  m_Name: Antorcha 1 (1)
  m_TagString: Untagged
  m_Icon: {fileID: 0}
  m_NavMeshLayer: 0
  m_StaticEditorFlags: 0
  m_IsActive: 1
--- !u!4 &8932649947981693830
Transform:
  m_ObjectHideFlags: 0
  m_CorrespondingSourceObject: {fileID: 0}
  m_PrefabInstance: {fileID: 0}
  m_PrefabAsset: {fileID: 0}
  m_GameObject: {fileID: 7873951932838621136}
  m_LocalRotation: {x: -0, y: 0.7146749, z: -0, w: 0.6994569}
  m_LocalPosition: {x: -5.31, y: 1.45, z: 4.48}
  m_LocalScale: {x: 1.25, y: 1.25, z: 1.25}
  m_Children:
  - {fileID: 385130492392283024}
  - {fileID: 2330695587880189446}
  m_Father: {fileID: 0}
  m_RootOrder: 0
  m_LocalEulerAnglesHint: {x: 0, y: 91.233, z: 0}
--- !u!1001 &2869622220384524781
PrefabInstance:
  m_ObjectHideFlags: 0
  serializedVersion: 2
  m_Modification:
    m_TransformParent: {fileID: 8932649947981693830}
    m_Modifications:
    - target: {fileID: -8679921383154817045, guid: 4143c0550f1a54ce5a165734bed1cd9e,
        type: 3}
      propertyPath: m_LocalPosition.x
      value: 0.81407356
      objectReference: {fileID: 0}
    - target: {fileID: -8679921383154817045, guid: 4143c0550f1a54ce5a165734bed1cd9e,
        type: 3}
      propertyPath: m_LocalPosition.y
      value: -0.2142576
      objectReference: {fileID: 0}
    - target: {fileID: -8679921383154817045, guid: 4143c0550f1a54ce5a165734bed1cd9e,
        type: 3}
      propertyPath: m_LocalPosition.z
      value: 0.17529488
      objectReference: {fileID: 0}
    - target: {fileID: -8679921383154817045, guid: 4143c0550f1a54ce5a165734bed1cd9e,
        type: 3}
      propertyPath: m_LocalRotation.x
      value: -0
      objectReference: {fileID: 0}
    - target: {fileID: -8679921383154817045, guid: 4143c0550f1a54ce5a165734bed1cd9e,
        type: 3}
      propertyPath: m_LocalRotation.y
      value: -0
      objectReference: {fileID: 0}
    - target: {fileID: -8679921383154817045, guid: 4143c0550f1a54ce5a165734bed1cd9e,
        type: 3}
      propertyPath: m_LocalRotation.z
      value: -0
      objectReference: {fileID: 0}
    - target: {fileID: -8679921383154817045, guid: 4143c0550f1a54ce5a165734bed1cd9e,
        type: 3}
      propertyPath: m_LocalRotation.w
      value: 1
      objectReference: {fileID: 0}
    - target: {fileID: -8679921383154817045, guid: 4143c0550f1a54ce5a165734bed1cd9e,
        type: 3}
      propertyPath: m_RootOrder
      value: 1
      objectReference: {fileID: 0}
    - target: {fileID: -8679921383154817045, guid: 4143c0550f1a54ce5a165734bed1cd9e,
        type: 3}
      propertyPath: m_LocalEulerAnglesHint.x
      value: 0
      objectReference: {fileID: 0}
    - target: {fileID: -8679921383154817045, guid: 4143c0550f1a54ce5a165734bed1cd9e,
        type: 3}
      propertyPath: m_LocalEulerAnglesHint.y
      value: 0
      objectReference: {fileID: 0}
    - target: {fileID: -8679921383154817045, guid: 4143c0550f1a54ce5a165734bed1cd9e,
        type: 3}
      propertyPath: m_LocalEulerAnglesHint.z
      value: 0
      objectReference: {fileID: 0}
    - target: {fileID: 919132149155446097, guid: 4143c0550f1a54ce5a165734bed1cd9e,
        type: 3}
      propertyPath: m_Name
      value: antorcha
      objectReference: {fileID: 0}
    - target: {fileID: 5898855749840620490, guid: 4143c0550f1a54ce5a165734bed1cd9e,
        type: 3}
      propertyPath: m_LocalPosition.x
      value: 0.108
      objectReference: {fileID: 0}
    m_RemovedComponents: []
  m_SourcePrefab: {fileID: 100100000, guid: 4143c0550f1a54ce5a165734bed1cd9e, type: 3}
--- !u!4 &2330695587880189446 stripped
Transform:
  m_CorrespondingSourceObject: {fileID: -8679921383154817045, guid: 4143c0550f1a54ce5a165734bed1cd9e,
    type: 3}
  m_PrefabInstance: {fileID: 2869622220384524781}
  m_PrefabAsset: {fileID: 0}
--- !u!1001 &5498082410772347996
PrefabInstance:
  m_ObjectHideFlags: 0
  serializedVersion: 2
  m_Modification:
    m_TransformParent: {fileID: 8932649947981693830}
    m_Modifications:
    - target: {fileID: 5266219753707284426, guid: d362f6cc3818f44a2bf8dd80a7ade12c,
        type: 3}
      propertyPath: InitialModule.startColor.maxColor.r
      value: 1
      objectReference: {fileID: 0}
    - target: {fileID: 5266219753707284426, guid: d362f6cc3818f44a2bf8dd80a7ade12c,
        type: 3}
      propertyPath: InitialModule.startColor.maxColor.g
      value: 1
      objectReference: {fileID: 0}
    - target: {fileID: 5266219753707284426, guid: d362f6cc3818f44a2bf8dd80a7ade12c,
        type: 3}
      propertyPath: InitialModule.startColor.maxColor.b
      value: 1
      objectReference: {fileID: 0}
    - target: {fileID: 5266219753707284426, guid: d362f6cc3818f44a2bf8dd80a7ade12c,
        type: 3}
      propertyPath: EmissionModule.rateOverTime.scalar
      value: 0.96
      objectReference: {fileID: 0}
    - target: {fileID: 5266219753707284426, guid: d362f6cc3818f44a2bf8dd80a7ade12c,
        type: 3}
      propertyPath: InitialModule.startLifetime.scalar
      value: 2.41
      objectReference: {fileID: 0}
    - target: {fileID: 5266219753707284426, guid: d362f6cc3818f44a2bf8dd80a7ade12c,
        type: 3}
      propertyPath: InitialModule.startSize.scalar
      value: 0.71
      objectReference: {fileID: 0}
    - target: {fileID: 5266219753707284428, guid: d362f6cc3818f44a2bf8dd80a7ade12c,
        type: 3}
      propertyPath: m_LocalPosition.x
      value: 1.05
      objectReference: {fileID: 0}
    - target: {fileID: 5266219753707284428, guid: d362f6cc3818f44a2bf8dd80a7ade12c,
        type: 3}
      propertyPath: m_LocalPosition.y
      value: 0.404
      objectReference: {fileID: 0}
    - target: {fileID: 5266219753707284428, guid: d362f6cc3818f44a2bf8dd80a7ade12c,
        type: 3}
      propertyPath: m_LocalPosition.z
      value: -0.05
      objectReference: {fileID: 0}
    - target: {fileID: 5266219753707284428, guid: d362f6cc3818f44a2bf8dd80a7ade12c,
        type: 3}
      propertyPath: m_LocalRotation.x
      value: -0.7071068
      objectReference: {fileID: 0}
    - target: {fileID: 5266219753707284428, guid: d362f6cc3818f44a2bf8dd80a7ade12c,
        type: 3}
      propertyPath: m_LocalRotation.y
      value: -0
      objectReference: {fileID: 0}
    - target: {fileID: 5266219753707284428, guid: d362f6cc3818f44a2bf8dd80a7ade12c,
        type: 3}
      propertyPath: m_LocalRotation.z
      value: -0
      objectReference: {fileID: 0}
    - target: {fileID: 5266219753707284428, guid: d362f6cc3818f44a2bf8dd80a7ade12c,
        type: 3}
      propertyPath: m_LocalRotation.w
      value: 0.7071068
      objectReference: {fileID: 0}
    - target: {fileID: 5266219753707284428, guid: d362f6cc3818f44a2bf8dd80a7ade12c,
        type: 3}
      propertyPath: m_RootOrder
      value: 0
      objectReference: {fileID: 0}
    - target: {fileID: 5266219753707284428, guid: d362f6cc3818f44a2bf8dd80a7ade12c,
        type: 3}
      propertyPath: m_LocalEulerAnglesHint.x
      value: 0
      objectReference: {fileID: 0}
    - target: {fileID: 5266219753707284428, guid: d362f6cc3818f44a2bf8dd80a7ade12c,
        type: 3}
      propertyPath: m_LocalEulerAnglesHint.y
      value: 0
      objectReference: {fileID: 0}
    - target: {fileID: 5266219753707284428, guid: d362f6cc3818f44a2bf8dd80a7ade12c,
        type: 3}
      propertyPath: m_LocalEulerAnglesHint.z
      value: 0
      objectReference: {fileID: 0}
    - target: {fileID: 5266219753707284428, guid: d362f6cc3818f44a2bf8dd80a7ade12c,
        type: 3}
      propertyPath: m_LocalScale.x
      value: 0.02
      objectReference: {fileID: 0}
    - target: {fileID: 5266219753707284428, guid: d362f6cc3818f44a2bf8dd80a7ade12c,
        type: 3}
      propertyPath: m_LocalScale.y
      value: 0.019999998
      objectReference: {fileID: 0}
    - target: {fileID: 5266219753707284428, guid: d362f6cc3818f44a2bf8dd80a7ade12c,
        type: 3}
      propertyPath: m_LocalScale.z
      value: 0.019999998
      objectReference: {fileID: 0}
    - target: {fileID: 5266219753707284429, guid: d362f6cc3818f44a2bf8dd80a7ade12c,
        type: 3}
      propertyPath: m_Name
      value: Fuego
      objectReference: {fileID: 0}
    m_RemovedComponents: []
  m_SourcePrefab: {fileID: 100100000, guid: d362f6cc3818f44a2bf8dd80a7ade12c, type: 3}
--- !u!4 &385130492392283024 stripped
Transform:
  m_CorrespondingSourceObject: {fileID: 5266219753707284428, guid: d362f6cc3818f44a2bf8dd80a7ade12c,
    type: 3}
  m_PrefabInstance: {fileID: 5498082410772347996}
  m_PrefabAsset: {fileID: 0}
